<?xml version="1.0" encoding="UTF-8"?><collection xmlns="http://www.loc.gov/MARC21/slim"><record><leader>00591nam--2200193-i-4500</leader><controlfield tag="001">000042777</controlfield><controlfield tag="002">20161230</controlfield><controlfield tag="005">20161230201043</controlfield><controlfield tag="008">060222s1000------------r-----000-0-rum-d</controlfield><datafield ind1=" " ind2=" " tag="040"><subfield code="a">IFIN-HH</subfield></datafield><datafield ind1=" " ind2=" " tag="041"><subfield code="a">rum</subfield></datafield><datafield ind1=" " ind2=" " tag="080"><subfield code="a">539.125.5.164(047.1:043)</subfield></datafield><datafield ind1="1" ind2=" " tag="100"><subfield code="a">Stefan,H.L</subfield></datafield><datafield ind1="1" ind2="0" tag="245"><subfield code="a">Influenta temperaturii asupra spectrelor de neutroni din reactorii nucleari</subfield><subfield code="b">Rezumatul tezei</subfield><subfield code="c">H.l. stefan</subfield></datafield><datafield ind1=" " ind2=" " tag="260"><subfield code="a">Bucuresti</subfield><subfield code="b">Universitatea Bucuresti</subfield><subfield code="c">1973</subfield></datafield><datafield ind1=" " ind2=" " tag="300"><subfield code="a">42P</subfield></datafield><datafield ind1=" " ind2=" " tag="502"><subfield code="a">Conducator Stiintific: Prof.Dr.Docent D. Bally</subfield></datafield><datafield ind1=" " ind2=" " tag="852"><subfield code="a">40050</subfield><subfield code="c">539.12</subfield></datafield><datafield ind1=" " ind2=" " tag="CAT"><subfield code="a">Sys</subfield><subfield code="c">20111123</subfield><subfield code="h">131815</subfield></datafield></record></collection>